@book{bover-cantera,
    title          = {Sagrada Biblia. Versión Crítica sobre los textos hebreo y griego},
    author         = {José María Bover SI and Francisco Cantera Burgos},
    year           = {1947},
    publisher      = {Biblioteca de Autores Cristianos (BAC)},
    address        = {Madrid}
}

@book{maria-pies-cruz,
    volume         = {II},
    pages          = {259},
    crossref       = {bover-cantera}
}

@book{compendio,
    title          = {Catecismo de la Iglesia Católica. Compendio},
    author         = {SS. Benedicto XV},
    year           = {2005},
    publisher      = {Libreria Editrice Vaticana y Asociación de Editores del Catecismo},
    isbn           = {978-84-288-1986-2},
}

@book{ribera,
    title          = {Misal Diario Latino-Español y Devocionario},
    author         = {Luis Ribera CMF},
    year           = {1962},
    publisher      = {Editorial Regina},
    address        = {Barcelona},
    edition        = {19}
}

@book{remigio-completo,
    author         = {Remigio Vilariño S.I},
    title          = {Devocionario Completo},
    publisher      = {El Mensajero del Corazón de Jesús},
    year           = {1956},
    address        = {Bilbao},
    edition        = {19},
}

@book{sola,
    author         = {Daniel Sola SI},
    title          = {Manual del Seminarista},
    publisher      = {Apostolado de la Prensa},
    year           = {1921},
    address        = {Madrid},
    edition        = {3},
}

@book{fraternidad,
    author         = {Fraternidad Sacerdotal San Pío X},
    title          = {Misal Diario},
    publisher      = {Angelus Press},
    year           = {2013},
    address        = {Kansas City, Missouri (EEUU)},
    isbn           = {978-1-937843-13-7}
}

@book{gubianas-breviario,
    author         = {Dom Alfonso Mª Gubianas OSB},
    title          = {Breviario Romano. Edición Completa},
    publisher      = {Editorial Litúrgica Española, SA},
    year           = {1936-1940},
    address        = {Barcelona}
}

@book{gubianas-misal,
    author         = {Dom Alfonso Mª Gubianas OSB},
    title          = {Misal Cotidiano de los fieles},
    edition        = {6},
    publisher      = {Editorial Litúrgica Española, SA},
    year           = {1943},
    address        = {Barcelona}
}

@book{oraciones-habituales,
    author         = {José García Rosado Pbro},
    title          = {Oraciones Habituales},
    publisher      = {Gráficas Urania},
    year           = {2012},
    address        = {Málaga},
    isbn           = {978-84-9233685-1-8},
}

@book{sanchez-ruiz,
    title          = {Misal Completo Latino-Español},
    author         = {Valentín M. Sánchez Ruiz SI},
    edition        = {4},
    year           = {1945},
    publisher      = {Apostolado de la Prensa},
}

@book{breviarium,
    title          = {Breviarium Romanum},
    author         = {S. Sedis Apostolicae et S. Rituum Congreg},
    publisher      = {Descleé et Soch},
    year           = {1948},
    address        = {Romae, Tornaci, Parisiis},
}

@book{reyero,
    title          = {Manual Católico},
    author         = {Elías Reyero SI},
    publisher      = {Saturnino Calleja Fernández},
    address        = {Madrid},
}

@book{remigio-misal,
    author         = {Remigio Vilariño S.I},
    title          = {Misal Romano en latín y castellano y Devocionario <<El Caballero Cristiano>>},
    publisher      = {El Mensajero del Sagrado Corazón de Jesús},
    year           = {1957},
    address        = {Bilbao},
    edition        = {3},
}

