@inbook{frater:oraciones,
    author = {Fraternidad Sacerdotal San Pío X},
    title = {Misal Diario Católico Apostólico Romano},
    publisher = {Angelus Press},
    year = "2013",
    isbn = "978-1-937843-13-7",
    pages = "20-21"
}

@book{bover-cantera,
    title = {Sagrada Bíblia},
    author = {{José María Bover, S.I.} y Francisco Cantera Burgos},
    year = 1947,
    publisher = {BAC}
}